<?xml version="1.0" encoding="UTF-8"?><collection xmlns="http://www.loc.gov/MARC21/slim"><record><leader>00460nam--2200181-i-4500</leader><controlfield tag="001">000007349</controlfield><controlfield tag="002">20161230</controlfield><controlfield tag="005">20161230201027</controlfield><controlfield tag="008">060222s1000------------r-----000-0-rum-d</controlfield><datafield ind1=" " ind2=" " tag="040"><subfield code="a">IFIN-HH</subfield></datafield><datafield ind1=" " ind2=" " tag="041"><subfield code="a">rum</subfield></datafield><datafield ind1=" " ind2=" " tag="080"><subfield code="a">538.56</subfield></datafield><datafield ind1="1" ind2=" " tag="100"><subfield code="a">Cosma, Gh</subfield></datafield><datafield ind1="1" ind2="0" tag="245"><subfield code="a">Propagarea undelor electromagnetice</subfield><subfield code="c">Gh. cosma</subfield></datafield><datafield ind1=" " ind2=" " tag="260"><subfield code="a">Bucuresti</subfield><subfield code="b">Editura Didactica Si Pedagogica</subfield><subfield code="c">1965</subfield></datafield><datafield ind1=" " ind2=" " tag="300"><subfield code="a">405P</subfield></datafield><datafield ind1=" " ind2=" " tag="852"><subfield code="a">22222</subfield><subfield code="c">537:538</subfield></datafield><datafield ind1=" " ind2=" " tag="CAT"><subfield code="a">Sys</subfield><subfield code="c">20110614</subfield><subfield code="h">114639</subfield></datafield></record></collection>